<record><leader>00000cas a22000008a 4500</leader><controlfield tag="001">704273030</controlfield><controlfield tag="008">110228c20119999nmuwr ne      |   a0eng  </controlfield><datafield ind1=" " ind2=" " tag="010"><subfield code="a">  2011200036</subfield></datafield><datafield ind1=" " ind2=" " tag="040"><subfield code="a">DLC</subfield><subfield code="b">eng</subfield><subfield code="c">DLC</subfield><subfield code="d">DLC</subfield><subfield code="d">OCLCQ</subfield></datafield><datafield ind1=" " ind2=" " tag="012"><subfield code="l">1</subfield></datafield><datafield ind1="0" ind2=" " tag="022"><subfield code="a">2160-1712</subfield><subfield code="2">1</subfield></datafield><datafield ind1=" " ind2=" " tag="037"><subfield code="b">The Mail, Bandar Log, Inc., P.O. Box 1036, Magdalena, NM 87825</subfield></datafield><datafield ind1=" " ind2=" " tag="042"><subfield code="a">msc</subfield></datafield><datafield ind1="1" ind2="0" tag="050"><subfield code="a">ISSN RECORD</subfield></datafield><datafield ind1="0" ind2=" " tag="130"><subfield code="a">Mail (Magdalena, N.M.)</subfield></datafield><datafield ind1="1" ind2="4" tag="245"><subfield code="a">The mail.</subfield></datafield><datafield ind1=" " ind2=" " tag="260"><subfield code="a">Magdalena, NM :</subfield><subfield code="b">Bandar Log, Inc.</subfield></datafield><datafield ind1=" " ind2=" " tag="263"><subfield code="a">201103</subfield></datafield><datafield ind1=" " ind2=" " tag="310"><subfield code="a">Weekly</subfield></datafield><datafield ind1=" " ind2=" " tag="336"><subfield code="a">text</subfield><subfield code="b">txt</subfield><subfield code="2">rdacontent</subfield></datafield><datafield ind1=" " ind2=" " tag="337"><subfield code="a">unmediated</subfield><subfield code="b">n</subfield><subfield code="2">rdamedia</subfield></datafield><datafield ind1=" " ind2=" " tag="936"><subfield code="a">PREPUB: Publication expected: Mar. 2011</subfield></datafield></record>